@article{tandon2024congestion,
  title={NYC's Ride-Hailing Fee Failed to Ease Manhattan Traffic, New NYU Tandon Study Reveals},
  author={Tandon School of Engineering},
  year={2024},
  journal={NYU Tandon News},
  note={Accessed July 2025},
  url={https://engineering.nyu.edu/news/nycs-ride-hailing-fee-failed-ease-manhattan-traffic-new-nyu-tandon-study-reveals}
}

@article{ma2024congestion,
  title={Congestion-Aware Electric Vehicle Scheduling for Ride-Hailing Fleets},
  author={Ma, Jiaying and Zhou, Wei and Wang, Fan and others},
  journal={arXiv preprint arXiv:2412.09978},
  year={2024},
  url={https://arxiv.org/abs/2412.09978}
}

@misc{nyctlc2024,
  author       = {{New York City Taxi and Limousine Commission}},
  title        = {TLC Trip Record Data},
  year         = {2024},
  howpublished = {\url{https://www.nyc.gov/site/tlc/about/tlc-trip-record-data.page}},
  note         = {Accessed July 2025}
}
